@article{Baseline,
    author = {Alexander Pacha and Jan jr. Hajiƒç  and Jorge Calvo-Zaragoza},
    title = {A Baseline for General Music Object Detection with Deep Learning},
    journal = {Applied Sciences},
    year = {2018}
} 

@article{state_of_the_art,
    author = {Ana Rabela and Ichiro Fujinaga and Filipe Paszkiewicz and Andre R. S. Marcal and Carlos Guedes and Jaime S. Cardoso},
    title = {Optical music recognition: state-of-the-art and open issues},
    journal = {International Journal of Multimedia Information Retrieval},
    year = {2012}
}

@misc{GitHub_OMR,
    title = {M{N}{R}\_{M}{U}{S}{C}{I}{M}{A}\_{N}otes\_{R}ecognition },
    author = {Stiven Metaj and Federico Magnolfi},
    month = {March},
    year = {2021},
    howpublished = "\url{https://github.com/StivenMetaj/MNR_MUSCIMA_Notes_Recognition}"
    
}

@misc{DeepScores,
    title = {Deep{S}cores},
    author = {Lukas Tuggener},
    month = {March},
    year = {2021},
    howpublished = "\url{https://tuggeluk.github.io/deepscores/}"
}

@misc{abc2mps,
    title = {abs2mps},
    author = {Lee S.},
    month = {March},
    year = {2021},
    howpublished = "\url{https://github.com/leesavide/abcm2ps/issues}"
}

